<collection xmlns="http://www.loc.gov/MARC21/slim">
<record>
  <leader>00637nam0a22000851i 450 </leader>
  <controlfield tag="001">IT\ICCU\CNCE\070874</controlfield>
  <controlfield tag="005">20070903000000.0</controlfield>
  <datafield tag="100" ind1=" " ind2=" ">
    <subfield code="a">20070606             0itac0103    ba</subfield>
  </datafield>
  <datafield tag="200" ind1="1" ind2=" ">
    <subfield code="a">Divi Ioannis Chrysostomi archiepiscopi constantinopolitani opera, quaecumque in hunc diem Latio donata noscuntur ... in quinque tomos digesta. Per sacrae theologiae magistros valde insignes accurate visa, correcta, expurgata. His accesserunt notationes D.Flaminii Nobilii ... Et aliquot homiliae nondum impressa ... Potestate a sancta inquisitione petita, &amp; impetrata. Cum duobus indicibus ... alter quaelectu digniora funt accurate complectitur</subfield>
  </datafield>
  <datafield tag="801" ind1=" " ind2="3">
    <subfield code="a">IT</subfield>
    <subfield code="b">ICCU</subfield>
    <subfield code="c">20201115</subfield>
  </datafield>
</record>
</collection>
